@article{graham2012getting,
  title={Getting Started with Topic Modeling and MALLET},
  author={Graham, Shawn and Weingart, Scott and Milligan, Ian},
  journal={The Programming Historian},
  volume={2},
  year={2012}
}

@inproceedings{mcsherry2001spectral,
  title={Spectral partitioning of random graphs},
  author={McSherry, Frank},
  booktitle={Foundations of Computer Science, 2001. Proceedings. 42nd IEEE Symposium on},
  pages={529--537},
  year={2001},
  organization={IEEE}
}

@article{mcgann2004tyranny,
  title={The Tyranny of the Supermajority How Majority Rule Protects Minorities},
  author={McGann, Anthony J},
  journal={Journal of Theoretical Politics},
  volume={16},
  number={1},
  pages={53--77},
  year={2004},
  publisher={Sage Publications}
}

@inproceedings{kumar2010clustering,
  title={Clustering with spectral norm and the k-means algorithm},
  author={Kumar, Amit and Kannan, Ravindran},
  booktitle={Foundations of Computer Science (FOCS), 2010 51st Annual IEEE Symposium on},
  pages={299--308},
  year={2010},
  organization={IEEE}
}

@misc{hsu2003practical,
  title={A practical guide to support vector classification},
  author={Hsu, Chih-Wei and Chang, Chih-Chung and Lin, Chih-Jen and others},
  year={2003}
}

@misc{billToLaw,
  title = {Steps in Making a Bill a Law: The Federal Legislative Process},
  howpublished = "\url{https://www.naeyc.org/policy/federal/bill_law}", 
  note = "[Online; accessed 05-Dec-2015]"
}

@article{blei2003latent,
  title={Latent dirichlet allocation},
  author={Blei, David M and Ng, Andrew Y and Jordan, Michael I},
  journal={the Journal of machine Learning research},
  volume={3},
  pages={993--1022},
  year={2003},
  publisher={JMLR. org}
}

@article{dempster1977maximum,
  title={Maximum likelihood from incomplete data via the EM algorithm},
  author={Dempster, Arthur P and Laird, Nan M and Rubin, Donald B},
  journal={Journal of the royal statistical society. Series B (methodological)},
  pages={1--38},
  year={1977},
  publisher={JSTOR}
}

@inproceedings{conf/icml/AroraGHMMSWZ13,
  added-at = {2013-11-19T00:00:00.000+0100},
  author = {Arora, Sanjeev and Ge, Rong and Halpern, Yonatan and Mimno, David M. and Moitra, Ankur and Sontag, David and Wu, Yichen and Zhu, Michael},
  biburl = {http://www.bibsonomy.org/bibtex/2a10c427bc84a4f40c84161aa4de73745/dblp},
  booktitle = {ICML (2)},
  crossref = {conf/icml/2013},
  ee = {http://jmlr.org/proceedings/papers/v28/arora13.html},
  interhash = {7e1931f9772b077ad8e61f35984b2a15},
  intrahash = {a10c427bc84a4f40c84161aa4de73745},
  keywords = {dblp},
  pages = {280-288},
  publisher = {JMLR.org},
  series = {JMLR Proceedings},
  timestamp = {2015-06-19T11:34:08.000+0200},
  title = {A Practical Algorithm for Topic Modeling with Provable Guarantees.},
  url = {http://dblp.uni-trier.de/db/conf/icml/icml2013.html#AroraGHMMSWZ13},
  volume = 28,
  year = 2013
}