@article{graham2012getting,
  title={Getting Started with Topic Modeling and MALLET},
  author={Graham, Shawn and Weingart, Scott and Milligan, Ian},
  journal={The Programming Historian},
  volume={2},
  year={2012}
}

@inproceedings{mcsherry2001spectral,
  title={Spectral partitioning of random graphs},
  author={McSherry, Frank},
  booktitle={Foundations of Computer Science, 2001. Proceedings. 42nd IEEE Symposium on},
  pages={529--537},
  year={2001},
  organization={IEEE}
}

@article{mcgann2004tyranny,
  title={The Tyranny of the Supermajority How Majority Rule Protects Minorities},
  author={McGann, Anthony J},
  journal={Journal of Theoretical Politics},
  volume={16},
  number={1},
  pages={53--77},
  year={2004},
  publisher={Sage Publications}
}

@inproceedings{kumar2010clustering,
  title={Clustering with spectral norm and the k-means algorithm},
  author={Kumar, Amit and Kannan, Ravindran},
  booktitle={Foundations of Computer Science (FOCS), 2010 51st Annual IEEE Symposium on},
  pages={299--308},
  year={2010},
  organization={IEEE}
}

@misc{hsu2003practical,
  title={A practical guide to support vector classification},
  author={Hsu, Chih-Wei and Chang, Chih-Chung and Lin, Chih-Jen and others},
  year={2003}
}